<?xml version="1.0" encoding="UTF-8"?><collection xmlns="http://www.loc.gov/MARC21/slim"><record><leader>00407nam--2200133-i-4500</leader><controlfield tag="001">000022650</controlfield><controlfield tag="002">20161230</controlfield><controlfield tag="005">20161230201034</controlfield><controlfield tag="008">060222s1000------------r-----000-0-eng-d</controlfield><datafield ind1=" " ind2=" " tag="080"><subfield code="a">621.039.512</subfield></datafield><datafield ind1=" " ind2=" " tag="100"><subfield code="a">Hobson, Robert Larrie</subfield></datafield><datafield ind1=" " ind2=" " tag="245"><subfield code="a">Representations of neutron spectra for thermal and epithermal energies. thesis</subfield></datafield><datafield ind1=" " ind2=" " tag="260"><subfield code="a">Ann Arbor, University Microfilms, Inc., 1965, Xviii + 340p</subfield></datafield><datafield ind1=" " ind2=" " tag="852"><subfield code="a">25911</subfield></datafield></record></collection>